@book{law:ntc2018,
	author	= {Ministero delle Infrastrutture e dei Trasporti},
	maintitle		= {Decreto 17 gennaio 2018},
	title ={Aggiornamento delle <<Norme tecniche per le costruzioni>>},
	publisher	= {Gazzetta Ufficiale},
	location 	= {Roma},
}

@book{law:circ2019,
	author	= {Ministero delle Infrastrutture e dei Trasporti},
	maintitle		= {Circolare 21 gennaio 2019, n. 7 C.S.LL.PP.},
	title ={Istruzioni per l'applicazione dell'<<Aggiornamento delle "Norme tecniche per le costruzioni">> di cui al decreto 17 gennaio 2018},
	publisher	= {Gazzetta Ufficiale},
	location 	= {Roma},
}

@book{law:ec2,
	author	= {European Committee for Standardization},
	title		= {Eurocode 2: Design of concrete
structures},
	publisher	= {The European Union},   
}

@book{book:cosenza,
	author ={Cosenza, Edoardo and Manfredi, Gaetano and Pecce, Marisa},
	maintitle ={Strutture in cemento armato},
	title ={Basi della progettazione},
	editor ={Ulrico Hoepli Milano},
	edition ={Seconda edizione},
	year ={2015},
}

@book{law:nad,
	author	= {Ministero delle Infrastrutture e dei Trasporti},
	maintitle		= {Decreto 31 luglio 2012},
	title ={Approvazione delle Appendici nazionali recanti i parametri tecnici per l'applicazione degli Eurocodici},
	publisher	= {Gazzetta Ufficiale},
	location 	= {Roma},
}